@article{kougaku2009,
	author = {Kougaku, Hanako and Gakkai,Yoko. and Kyouiku,Jiro},
	title = {Educational Technology and it’s Methods. In GakkaiY.. and KyouikuJ.. (Eds.) Educational Technology},
	journal = {Kougaku University},
	pages = {1--10},
	year = 2009,
	address = {New York},
	memo = {Kougaku, H., Gakkai,Y. and Kyouiku,J. (2009) Educational Technology and it’s Methods. In GakkaiY.. and KyouikuJ.. (Eds.) Educational Technology, Kougaku University Press, pp.1-10, New York},
}
@article{kougaku2007,
	title = {研究会発表原稿の書き方},
	author ={工学 花子 and 教育 次郎},
	journal = {日本教育工学会研究報告集},
	volume = {JSET07-1},
	pages = {100--104},
	year = 2007,
	memo = {工学花子，教育次郎 (2007) 研究会発表原稿の書き方．日本教育工学会研究報告集，JSET07-1, pp.100-104},
}
@article{kyouiku2008,
	title = {教育工学の展望},
	author = {教育 次郎},
	journal = {日本教育工学会},
	number = 31,
	volume = 3,
	pages = {1--5},
	year = 2008,
	memo = {教育次郎 (2008) 教育工学の展望．日本教育工学会論文誌，31(3)：1-5},
}

@book{bookkyouiku2008,
	author = {教育 次郎 and 工学 花子},
	yomi	= {kyouiku},
	title   = {教育工学},
	publisher = {工学出版},
	year = {2008},
	isbn = {000-0000000000},
	address = {東京},
	memo = {教育次郎，工学花子 (2008) 教育工学．工学出版，東京},
}

Kyouiku, J.(2008a) Educational Technology and it's Methods. http://www.acc.go.jp/ （参照日2008.01. 02）
Kyouiku, J.(2008b) Educational Technology and it's Methods. On-line Journal of Systems Science, 16：10-15. http://www.acc.go.jp/ （参照日2008.01. 02)
Kyouiku, J., Kougaku, H.and Gakkai, Y.(2008) Educational Technology and it's Methods. Educ. Technol. Res.,16：10-15
